<record><leader>00000cas a2200000 a 4500</leader><controlfield tag="001">11079897</controlfield><controlfield tag="008">840822d18111821kyuwr ne      0    0eng c</controlfield><datafield ind1=" " ind2=" " tag="010"><subfield code="a">sn 84024470 </subfield></datafield><datafield ind1=" " ind2=" " tag="040"><subfield code="a">NPV</subfield><subfield code="b">eng</subfield><subfield code="c">NPV</subfield><subfield code="d">NPX</subfield><subfield code="d">KNP</subfield><subfield code="d">MGN</subfield><subfield code="d">CVF</subfield><subfield code="d">OCL</subfield><subfield code="d">OCLCG</subfield><subfield code="d">OCLCQ</subfield><subfield code="d">OCLCF</subfield><subfield code="d">OCLCO</subfield><subfield code="d">CUS</subfield><subfield code="d">AQM</subfield></datafield><datafield ind1=" " ind2=" " tag="042"><subfield code="a">pcc</subfield></datafield><datafield ind1=" " ind2=" " tag="043"><subfield code="a">n-us-ky</subfield></datafield><datafield ind1="1" ind2="4" tag="050"><subfield code="a">AN</subfield></datafield><datafield ind1="0" ind2=" " tag="130"><subfield code="a">Western courier (Louisville, Ky.)</subfield></datafield><datafield ind1="1" ind2="4" tag="245"><subfield code="a">The western courier.</subfield></datafield><datafield ind1=" " ind2=" " tag="260"><subfield code="a">Louisville, Ky. :</subfield><subfield code="b">Thomas Crawford, Jr.</subfield></datafield><datafield ind1=" " ind2=" " tag="300"><subfield code="a">v.</subfield></datafield><datafield ind1=" " ind2=" " tag="310"><subfield code="a">Weekly</subfield></datafield><datafield ind1="1" ind2=" " tag="362"><subfield code="a">Began in Nov. 1811?</subfield></datafield><datafield ind1="1" ind2=" " tag="362"><subfield code="a">Ceased in 1821. Cf. Schmidt, M.F. Early printers of Louisville, 1800-1860.</subfield></datafield><datafield ind1=" " ind2=" " tag="500"><subfield code="a">Publishers: Thomas Crawford, Jr., &lt;1812&gt;; Nicholas Clarke, 1812-&lt;1814&gt;; Nicholas Clarke &amp; Mann Butler, &lt;1814-1815&gt;; Nicholas Clarke, &lt;1815&gt;-1821.</subfield></datafield><datafield ind1=" " ind2=" " tag="588"><subfield code="a">Description based on: Vol. 1, no. 42 (Aug. 28, 1812).</subfield></datafield><datafield ind1=" " ind2="0" tag="651"><subfield code="a">Jefferson County (Ky.)</subfield><subfield code="v">Newspapers.</subfield></datafield><datafield ind1=" " ind2="0" tag="651"><subfield code="a">Louisville (Ky.)</subfield><subfield code="v">Newspapers.</subfield></datafield><datafield ind1=" " ind2="7" tag="651"><subfield code="a">Kentucky</subfield><subfield code="z">Jefferson County.</subfield><subfield code="2">fast</subfield><subfield code="0">(OCoLC)fst01205464</subfield></datafield><datafield ind1=" " ind2="7" tag="651"><subfield code="a">Kentucky</subfield><subfield code="z">Louisville.</subfield><subfield code="2">fast</subfield><subfield code="0">(OCoLC)fst01204602</subfield></datafield><datafield ind1=" " ind2="7" tag="655"><subfield code="a">Newspapers.</subfield><subfield code="2">fast</subfield><subfield code="0">(OCoLC)fst01423814</subfield></datafield><datafield ind1=" " ind2="7" tag="655"><subfield code="a">Newspapers.</subfield><subfield code="2">rbgenr</subfield></datafield><datafield ind1="1" ind2=" " tag="700"><subfield code="a">Crawford, Thomas.</subfield></datafield><datafield ind1="1" ind2=" " tag="700"><subfield code="a">Clarke, Nicholas.</subfield></datafield><datafield ind1="1" ind2=" " tag="700"><subfield code="a">Butler, Mann,</subfield><subfield code="d">1784-1852.</subfield></datafield><datafield ind1=" " ind2=" " tag="752"><subfield code="a">United States</subfield><subfield code="b">Kentucky</subfield><subfield code="c">Jefferson</subfield><subfield code="d">Louisville.</subfield></datafield><datafield ind1="0" ind2="0" tag="785"><subfield code="t">Emporium &amp; commercial advertiser</subfield><subfield code="w">(DLC)sn 87060162</subfield></datafield><datafield ind1="4" ind2="1" tag="856"><subfield code="3">11/16/1813 to 09/26/1816</subfield><subfield code="u">http://infoweb.newsbank.com/?db=EANX&amp;s_browseRef=decades/125D201D5D26C7DD/all.xml</subfield></datafield></record>